@online{sokal:22,
  author = {A. Sokal},
  title = {MATH 0054 - Analytical Dynamics},
  url = {https://www.ucl.ac.uk/~ucahad0/}
}
